%YAML 1.1
%TAG !u! tag:unity3d.com,2011:
--- !u!1001 &100100000
Prefab:
  m_ObjectHideFlags: 1
  serializedVersion: 2
  m_Modification:
    m_TransformParent: {fileID: 0}
    m_Modifications: []
    m_RemovedComponents: []
  m_SourcePrefab: {fileID: 0}
  m_RootGameObject: {fileID: 1707328793680094}
  m_IsPrefabAsset: 1
--- !u!1 &1707328793680094
GameObject:
  m_ObjectHideFlags: 0
  m_CorrespondingSourceObject: {fileID: 0}
  m_PrefabInternal: {fileID: 100100000}
  serializedVersion: 6
  m_Component:
  - component: {fileID: 4674672537955650}
  - component: {fileID: 114511591516211376}
  - component: {fileID: 114689260736956772}
  - component: {fileID: 114428050114372928}
  m_Layer: 0
  m_Name: Facebook Manager
  m_TagString: Untagged
  m_Icon: {fileID: 0}
  m_NavMeshLayer: 0
  m_StaticEditorFlags: 0
  m_IsActive: 1
--- !u!4 &4674672537955650
Transform:
  m_ObjectHideFlags: 1
  m_CorrespondingSourceObject: {fileID: 0}
  m_PrefabInternal: {fileID: 100100000}
  m_GameObject: {fileID: 1707328793680094}
  m_LocalRotation: {x: 0, y: 0, z: 0, w: 1}
  m_LocalPosition: {x: 670.57635, y: 30.695541, z: -0.00065612793}
  m_LocalScale: {x: 1, y: 1, z: 1}
  m_Children: []
  m_Father: {fileID: 0}
  m_RootOrder: 0
  m_LocalEulerAnglesHint: {x: 0, y: 0, z: 0}
--- !u!114 &114428050114372928
MonoBehaviour:
  m_ObjectHideFlags: 1
  m_CorrespondingSourceObject: {fileID: 0}
  m_PrefabInternal: {fileID: 100100000}
  m_GameObject: {fileID: 1707328793680094}
  m_Enabled: 0
  m_EditorHideFlags: 0
  m_Script: {fileID: 11500000, guid: 94cd736485f08b343a89e54eed0b50dc, type: 3}
  m_Name: 
  m_EditorClassIdentifier: 
  FB: {fileID: 114511591516211376}
  FBProfilePic: {fileID: 0}
  FBname: {fileID: 0}
  Mat: {fileID: 2100000, guid: a927902707bd442a486bf825c272ae5d, type: 2}
--- !u!114 &114511591516211376
MonoBehaviour:
  m_ObjectHideFlags: 1
  m_CorrespondingSourceObject: {fileID: 0}
  m_PrefabInternal: {fileID: 100100000}
  m_GameObject: {fileID: 1707328793680094}
  m_Enabled: 1
  m_EditorHideFlags: 0
  m_Script: {fileID: 11500000, guid: 75711889141f2b1439253d0177b0d381, type: 3}
  m_Name: 
  m_EditorClassIdentifier: 
  LoggedIn: 0
  UserID: 
  FirstName: User
  LastName: 
  profilePic: {fileID: 2800000, guid: 9d6412d4ec24aab47a69a402d273f38c, type: 3}
  LoadOldInfo: 0
  loadImage: 0
--- !u!114 &114689260736956772
MonoBehaviour:
  m_ObjectHideFlags: 1
  m_CorrespondingSourceObject: {fileID: 0}
  m_PrefabInternal: {fileID: 100100000}
  m_GameObject: {fileID: 1707328793680094}
  m_Enabled: 0
  m_EditorHideFlags: 0
  m_Script: {fileID: 11500000, guid: 6144a11c1a2562e4687797d2b1c611d3, type: 3}
  m_Name: 
  m_EditorClassIdentifier: 
  TotalLines: 10000
  LinesDisplayed: 40
  FontSize: 93
  IsVisible: 1
  ToggleKey: 27
  LogColor: {r: 1, g: 1, b: 1, a: 1}
  WarningColor: {r: 0.8, g: 0.8, b: 0, a: 1}
  ErrorColor: {r: 1, g: 0.5, b: 0.5, a: 1}
  ExceptionColor: {r: 1, g: 0.5, b: 1, a: 1}
  ErrorShake_px: 11.11
