%YAML 1.1
%TAG !u! tag:unity3d.com,2011:
--- !u!1001 &100100000
Prefab:
  m_ObjectHideFlags: 1
  serializedVersion: 2
  m_Modification:
    m_TransformParent: {fileID: 0}
    m_Modifications: []
    m_RemovedComponents: []
  m_SourcePrefab: {fileID: 0}
  m_RootGameObject: {fileID: 1147704768499726}
  m_IsPrefabAsset: 1
--- !u!1 &1063352089429358
GameObject:
  m_ObjectHideFlags: 0
  m_CorrespondingSourceObject: {fileID: 0}
  m_PrefabInternal: {fileID: 100100000}
  serializedVersion: 6
  m_Component:
  - component: {fileID: 4195853563745616}
  m_Layer: 0
  m_Name: Camera Collection 1
  m_TagString: Untagged
  m_Icon: {fileID: 0}
  m_NavMeshLayer: 0
  m_StaticEditorFlags: 0
  m_IsActive: 1
--- !u!1 &1147704768499726
GameObject:
  m_ObjectHideFlags: 0
  m_CorrespondingSourceObject: {fileID: 0}
  m_PrefabInternal: {fileID: 100100000}
  serializedVersion: 6
  m_Component:
  - component: {fileID: 4633625669766508}
  - component: {fileID: 114796886283081422}
  m_Layer: 0
  m_Name: Camera Collection 1
  m_TagString: Untagged
  m_Icon: {fileID: 0}
  m_NavMeshLayer: 0
  m_StaticEditorFlags: 0
  m_IsActive: 0
--- !u!1 &1189986062520116
GameObject:
  m_ObjectHideFlags: 1
  m_CorrespondingSourceObject: {fileID: 0}
  m_PrefabInternal: {fileID: 100100000}
  serializedVersion: 6
  m_Component:
  - component: {fileID: 4164510271887666}
  - component: {fileID: 20303676419547036}
  - component: {fileID: 124326788741078374}
  - component: {fileID: 92296876299218114}
  - component: {fileID: 81534886258506542}
  m_Layer: 0
  m_Name: Camera (2)
  m_TagString: Untagged
  m_Icon: {fileID: 0}
  m_NavMeshLayer: 0
  m_StaticEditorFlags: 0
  m_IsActive: 1
--- !u!1 &1492272303690094
GameObject:
  m_ObjectHideFlags: 1
  m_CorrespondingSourceObject: {fileID: 0}
  m_PrefabInternal: {fileID: 100100000}
  serializedVersion: 6
  m_Component:
  - component: {fileID: 4504265460279480}
  - component: {fileID: 20516261211188666}
  - component: {fileID: 124703872419292878}
  - component: {fileID: 92824415185727604}
  - component: {fileID: 81199657511899904}
  m_Layer: 0
  m_Name: Camera (3)
  m_TagString: Untagged
  m_Icon: {fileID: 0}
  m_NavMeshLayer: 0
  m_StaticEditorFlags: 0
  m_IsActive: 1
--- !u!1 &1646730360779288
GameObject:
  m_ObjectHideFlags: 1
  m_CorrespondingSourceObject: {fileID: 0}
  m_PrefabInternal: {fileID: 100100000}
  serializedVersion: 6
  m_Component:
  - component: {fileID: 4339101974068922}
  - component: {fileID: 108900971264523536}
  m_Layer: 9
  m_Name: Directional light (2)
  m_TagString: Untagged
  m_Icon: {fileID: 0}
  m_NavMeshLayer: 0
  m_StaticEditorFlags: 0
  m_IsActive: 1
--- !u!1 &1779399555064378
GameObject:
  m_ObjectHideFlags: 1
  m_CorrespondingSourceObject: {fileID: 0}
  m_PrefabInternal: {fileID: 100100000}
  serializedVersion: 6
  m_Component:
  - component: {fileID: 4753831626269342}
  - component: {fileID: 108705532517618462}
  m_Layer: 0
  m_Name: Directional light (3)
  m_TagString: Untagged
  m_Icon: {fileID: 0}
  m_NavMeshLayer: 0
  m_StaticEditorFlags: 0
  m_IsActive: 0
--- !u!1 &1963801712760578
GameObject:
  m_ObjectHideFlags: 1
  m_CorrespondingSourceObject: {fileID: 0}
  m_PrefabInternal: {fileID: 100100000}
  serializedVersion: 6
  m_Component:
  - component: {fileID: 4636138151514434}
  - component: {fileID: 20829031572296006}
  - component: {fileID: 124189025986140292}
  - component: {fileID: 92174452017415922}
  - component: {fileID: 81468727999573542}
  - component: {fileID: 114145227094217116}
  m_Layer: 0
  m_Name: Camera (1)
  m_TagString: Untagged
  m_Icon: {fileID: 0}
  m_NavMeshLayer: 0
  m_StaticEditorFlags: 0
  m_IsActive: 1
--- !u!4 &4164510271887666
Transform:
  m_ObjectHideFlags: 1
  m_CorrespondingSourceObject: {fileID: 0}
  m_PrefabInternal: {fileID: 100100000}
  m_GameObject: {fileID: 1189986062520116}
  m_LocalRotation: {x: -0.010433433, y: 0.9427573, z: 0.029627346, w: 0.3319972}
  m_LocalPosition: {x: -27.3, y: -0.5, z: 70.1}
  m_LocalScale: {x: 1, y: 1, z: 1}
  m_Children: []
  m_Father: {fileID: 4195853563745616}
  m_RootOrder: 1
  m_LocalEulerAnglesHint: {x: 0, y: 0, z: 0}
--- !u!4 &4195853563745616
Transform:
  m_ObjectHideFlags: 1
  m_CorrespondingSourceObject: {fileID: 0}
  m_PrefabInternal: {fileID: 100100000}
  m_GameObject: {fileID: 1063352089429358}
  m_LocalRotation: {x: 0, y: 0, z: 0, w: 1}
  m_LocalPosition: {x: 4.735401, y: -3.818872, z: -48.87723}
  m_LocalScale: {x: 1, y: 1, z: 1}
  m_Children:
  - {fileID: 4636138151514434}
  - {fileID: 4164510271887666}
  - {fileID: 4504265460279480}
  - {fileID: 4339101974068922}
  - {fileID: 4753831626269342}
  m_Father: {fileID: 4633625669766508}
  m_RootOrder: 0
  m_LocalEulerAnglesHint: {x: 0, y: 0, z: 0}
--- !u!4 &4339101974068922
Transform:
  m_ObjectHideFlags: 1
  m_CorrespondingSourceObject: {fileID: 0}
  m_PrefabInternal: {fileID: 100100000}
  m_GameObject: {fileID: 1646730360779288}
  m_LocalRotation: {x: 0.25613028, y: -0.5965098, z: 0.20889473, w: 0.7313934}
  m_LocalPosition: {x: 11.6, y: 2.3, z: 29.7}
  m_LocalScale: {x: 1, y: 1, z: 1}
  m_Children: []
  m_Father: {fileID: 4195853563745616}
  m_RootOrder: 3
  m_LocalEulerAnglesHint: {x: 38.6, y: -78.4, z: 0}
--- !u!4 &4504265460279480
Transform:
  m_ObjectHideFlags: 1
  m_CorrespondingSourceObject: {fileID: 0}
  m_PrefabInternal: {fileID: 100100000}
  m_GameObject: {fileID: 1492272303690094}
  m_LocalRotation: {x: 0, y: 0, z: 0, w: 1}
  m_LocalPosition: {x: 7.4, y: 0, z: -0.2}
  m_LocalScale: {x: 1, y: 1, z: 1}
  m_Children: []
  m_Father: {fileID: 4195853563745616}
  m_RootOrder: 2
  m_LocalEulerAnglesHint: {x: 0, y: 0, z: 0}
--- !u!4 &4633625669766508
Transform:
  m_ObjectHideFlags: 1
  m_CorrespondingSourceObject: {fileID: 0}
  m_PrefabInternal: {fileID: 100100000}
  m_GameObject: {fileID: 1147704768499726}
  m_LocalRotation: {x: 0, y: 0, z: 0, w: 1}
  m_LocalPosition: {x: -8.767323, y: 9.444265, z: 11.077232}
  m_LocalScale: {x: 1, y: 1, z: 1}
  m_Children:
  - {fileID: 4195853563745616}
  m_Father: {fileID: 0}
  m_RootOrder: 0
  m_LocalEulerAnglesHint: {x: 0, y: 0, z: 0}
--- !u!4 &4636138151514434
Transform:
  m_ObjectHideFlags: 1
  m_CorrespondingSourceObject: {fileID: 0}
  m_PrefabInternal: {fileID: 100100000}
  m_GameObject: {fileID: 1963801712760578}
  m_LocalRotation: {x: 0.13606812, y: -0.4517172, z: 0.069929525, w: 0.8789465}
  m_LocalPosition: {x: 42.69, y: 17.5, z: 14.8}
  m_LocalScale: {x: 1, y: 1, z: 1}
  m_Children: []
  m_Father: {fileID: 4195853563745616}
  m_RootOrder: 0
  m_LocalEulerAnglesHint: {x: 0, y: 0, z: 0}
--- !u!4 &4753831626269342
Transform:
  m_ObjectHideFlags: 1
  m_CorrespondingSourceObject: {fileID: 0}
  m_PrefabInternal: {fileID: 100100000}
  m_GameObject: {fileID: 1779399555064378}
  m_LocalRotation: {x: 0.087111704, y: 0.77229476, z: -0.10853894, w: 0.61983204}
  m_LocalPosition: {x: 10.331922, y: 8.86, z: 42.34}
  m_LocalScale: {x: 1, y: 1, z: 1}
  m_Children: []
  m_Father: {fileID: 4195853563745616}
  m_RootOrder: 4
  m_LocalEulerAnglesHint: {x: 16, y: 102.5, z: 0}
--- !u!20 &20303676419547036
Camera:
  m_ObjectHideFlags: 1
  m_CorrespondingSourceObject: {fileID: 0}
  m_PrefabInternal: {fileID: 100100000}
  m_GameObject: {fileID: 1189986062520116}
  m_Enabled: 1
  serializedVersion: 2
  m_ClearFlags: 1
  m_BackGroundColor: {r: 1, g: 1, b: 1, a: 1}
  m_projectionMatrixMode: 1
  m_SensorSize: {x: 36, y: 24}
  m_LensShift: {x: 0, y: 0}
  m_FocalLength: 50
  m_NormalizedViewPortRect:
    serializedVersion: 2
    x: 0
    y: 0.5
    width: 0.37
    height: 0.5
  near clip plane: 0.3
  far clip plane: 1000
  field of view: 43.5
  orthographic: 0
  orthographic size: 5
  m_Depth: 0.32
  m_CullingMask:
    serializedVersion: 2
    m_Bits: 4294967295
  m_RenderingPath: -1
  m_TargetTexture: {fileID: 0}
  m_TargetDisplay: 0
  m_TargetEye: 3
  m_HDR: 0
  m_AllowMSAA: 1
  m_AllowDynamicResolution: 0
  m_ForceIntoRT: 0
  m_OcclusionCulling: 1
  m_StereoConvergence: 10
  m_StereoSeparation: 0.022
--- !u!20 &20516261211188666
Camera:
  m_ObjectHideFlags: 1
  m_CorrespondingSourceObject: {fileID: 0}
  m_PrefabInternal: {fileID: 100100000}
  m_GameObject: {fileID: 1492272303690094}
  m_Enabled: 1
  serializedVersion: 2
  m_ClearFlags: 1
  m_BackGroundColor: {r: 1, g: 1, b: 1, a: 1}
  m_projectionMatrixMode: 1
  m_SensorSize: {x: 36, y: 24}
  m_LensShift: {x: 0, y: 0}
  m_FocalLength: 50
  m_NormalizedViewPortRect:
    serializedVersion: 2
    x: 0
    y: 0
    width: 0.37
    height: 0.5
  near clip plane: 0.01
  far clip plane: 1000
  field of view: 57.8
  orthographic: 0
  orthographic size: 5
  m_Depth: 0
  m_CullingMask:
    serializedVersion: 2
    m_Bits: 4294967039
  m_RenderingPath: -1
  m_TargetTexture: {fileID: 0}
  m_TargetDisplay: 0
  m_TargetEye: 3
  m_HDR: 0
  m_AllowMSAA: 1
  m_AllowDynamicResolution: 0
  m_ForceIntoRT: 0
  m_OcclusionCulling: 1
  m_StereoConvergence: 10
  m_StereoSeparation: 0.022
--- !u!20 &20829031572296006
Camera:
  m_ObjectHideFlags: 1
  m_CorrespondingSourceObject: {fileID: 0}
  m_PrefabInternal: {fileID: 100100000}
  m_GameObject: {fileID: 1963801712760578}
  m_Enabled: 1
  serializedVersion: 2
  m_ClearFlags: 1
  m_BackGroundColor: {r: 1, g: 1, b: 1, a: 1}
  m_projectionMatrixMode: 1
  m_SensorSize: {x: 36, y: 24}
  m_LensShift: {x: 0, y: 0}
  m_FocalLength: 50
  m_NormalizedViewPortRect:
    serializedVersion: 2
    x: 0.37
    y: 0
    width: 0.63
    height: 1
  near clip plane: 0.3
  far clip plane: 1000
  field of view: 45
  orthographic: 0
  orthographic size: 5
  m_Depth: 0
  m_CullingMask:
    serializedVersion: 2
    m_Bits: 4294967039
  m_RenderingPath: -1
  m_TargetTexture: {fileID: 0}
  m_TargetDisplay: 0
  m_TargetEye: 3
  m_HDR: 0
  m_AllowMSAA: 0
  m_AllowDynamicResolution: 0
  m_ForceIntoRT: 0
  m_OcclusionCulling: 0
  m_StereoConvergence: 10
  m_StereoSeparation: 0.022
--- !u!81 &81199657511899904
AudioListener:
  m_ObjectHideFlags: 1
  m_CorrespondingSourceObject: {fileID: 0}
  m_PrefabInternal: {fileID: 100100000}
  m_GameObject: {fileID: 1492272303690094}
  m_Enabled: 0
--- !u!81 &81468727999573542
AudioListener:
  m_ObjectHideFlags: 1
  m_CorrespondingSourceObject: {fileID: 0}
  m_PrefabInternal: {fileID: 100100000}
  m_GameObject: {fileID: 1963801712760578}
  m_Enabled: 0
--- !u!81 &81534886258506542
AudioListener:
  m_ObjectHideFlags: 1
  m_CorrespondingSourceObject: {fileID: 0}
  m_PrefabInternal: {fileID: 100100000}
  m_GameObject: {fileID: 1189986062520116}
  m_Enabled: 0
--- !u!92 &92174452017415922
Behaviour:
  m_ObjectHideFlags: 1
  m_CorrespondingSourceObject: {fileID: 0}
  m_PrefabInternal: {fileID: 100100000}
  m_GameObject: {fileID: 1963801712760578}
  m_Enabled: 1
--- !u!92 &92296876299218114
Behaviour:
  m_ObjectHideFlags: 1
  m_CorrespondingSourceObject: {fileID: 0}
  m_PrefabInternal: {fileID: 100100000}
  m_GameObject: {fileID: 1189986062520116}
  m_Enabled: 1
--- !u!92 &92824415185727604
Behaviour:
  m_ObjectHideFlags: 1
  m_CorrespondingSourceObject: {fileID: 0}
  m_PrefabInternal: {fileID: 100100000}
  m_GameObject: {fileID: 1492272303690094}
  m_Enabled: 1
--- !u!108 &108705532517618462
Light:
  m_ObjectHideFlags: 1
  m_CorrespondingSourceObject: {fileID: 0}
  m_PrefabInternal: {fileID: 100100000}
  m_GameObject: {fileID: 1779399555064378}
  m_Enabled: 1
  serializedVersion: 8
  m_Type: 1
  m_Color: {r: 1, g: 1, b: 1, a: 1}
  m_Intensity: 0.3
  m_Range: 10
  m_SpotAngle: 30
  m_CookieSize: 10
  m_Shadows:
    m_Type: 0
    m_Resolution: -1
    m_CustomResolution: -1
    m_Strength: 0.044
    m_Bias: 0.05
    m_NormalBias: 0.4
    m_NearPlane: 0.2
  m_Cookie: {fileID: 0}
  m_DrawHalo: 0
  m_Flare: {fileID: 0}
  m_RenderMode: 0
  m_CullingMask:
    serializedVersion: 2
    m_Bits: 4294967295
  m_Lightmapping: 4
  m_LightShadowCasterMode: 0
  m_AreaSize: {x: 1, y: 1}
  m_BounceIntensity: 4.14
  m_ColorTemperature: 6570
  m_UseColorTemperature: 0
  m_ShadowRadius: 0
  m_ShadowAngle: 90
--- !u!108 &108900971264523536
Light:
  m_ObjectHideFlags: 1
  m_CorrespondingSourceObject: {fileID: 0}
  m_PrefabInternal: {fileID: 100100000}
  m_GameObject: {fileID: 1646730360779288}
  m_Enabled: 1
  serializedVersion: 8
  m_Type: 1
  m_Color: {r: 1, g: 1, b: 1, a: 1}
  m_Intensity: 0.33
  m_Range: 10
  m_SpotAngle: 30
  m_CookieSize: 10
  m_Shadows:
    m_Type: 0
    m_Resolution: -1
    m_CustomResolution: -1
    m_Strength: 0.044
    m_Bias: 0.05
    m_NormalBias: 0.4
    m_NearPlane: 0.2
  m_Cookie: {fileID: 0}
  m_DrawHalo: 0
  m_Flare: {fileID: 0}
  m_RenderMode: 0
  m_CullingMask:
    serializedVersion: 2
    m_Bits: 4294967295
  m_Lightmapping: 4
  m_LightShadowCasterMode: 0
  m_AreaSize: {x: 1, y: 1}
  m_BounceIntensity: 4.14
  m_ColorTemperature: 6570
  m_UseColorTemperature: 0
  m_ShadowRadius: 0
  m_ShadowAngle: 90
--- !u!114 &114145227094217116
MonoBehaviour:
  m_ObjectHideFlags: 1
  m_CorrespondingSourceObject: {fileID: 0}
  m_PrefabInternal: {fileID: 100100000}
  m_GameObject: {fileID: 1963801712760578}
  m_Enabled: 1
  m_EditorHideFlags: 0
  m_Script: {fileID: 11500000, guid: 327cb0a7703707842ab6e6828d7754b1, type: 3}
  m_Name: 
  m_EditorClassIdentifier: 
  cam: {fileID: 20829031572296006}
  guiCam: {fileID: 0}
  IsActive: 0
  followerPiont: {fileID: 0}
  target: {fileID: 0}
  targetPos: {x: 0, y: 8, z: 0}
  targetHeight: 0
  maxHeight: 15
  distance: 60
  offsetFromWall: 0.1
  maxDistance: 100
  minDistance: 50
  xSpeed: 10
  ySpeed: 10
  targetSpeed: 5
  yMinLimit: 0
  yMaxLimit: 60
  zoomRate: 40
  rotationDampening: 3
  zoomDampening: 5
  collisionLayers:
    serializedVersion: 2
    m_Bits: 4294967295
  targetY: 0
  targetX: 0
  Speed: 0.01
  xDeg: -44
  yDeg: 19
  currentDistance: 0
  tempSpeed: 0
  finish: 0
  halfFinish: 0
  increaseRatio: 0.01
  start: 0
  deltaInputWorldPos: {x: 0, y: 0, z: 0}
  mouseDown: 0
  mouseD: 0
  isONGUI: 0
  isMoveTouch: 0
  cameraRotationAngle: []
  selectObjCamRotAngle: []
  perspectiveZoomSpeed: 0.5
  orthoZoomSpeed: 0.5
  setObliq: 0
  TempX: 0
  TempY: 0
  TempD: 0
  d: 0
  intHeight: 0
  currentHeight: 0
  upDownMove: 0
  accBool: 0
  tarhget: {fileID: 0}
  deafultAccDis: 50
  _lerpRate: 0
--- !u!114 &114796886283081422
MonoBehaviour:
  m_ObjectHideFlags: 1
  m_CorrespondingSourceObject: {fileID: 0}
  m_PrefabInternal: {fileID: 100100000}
  m_GameObject: {fileID: 1147704768499726}
  m_Enabled: 0
  m_EditorHideFlags: 0
  m_Script: {fileID: 11500000, guid: 4353de9084f6fd947b6b3e48bc6dacb1, type: 3}
  m_Name: 
  m_EditorClassIdentifier: 
  Shose: {fileID: 0}
  ShoseClone: {fileID: 0}
  cloneLabel: {fileID: 0}
  accessoriesObjs: {fileID: 0}
  org_objTransform: {fileID: 0}
  Org_Pos: {x: 0, y: 0, z: 0}
  indexOfTransform: 0
  left_objTransform: []
  right_objTransform: []
  modelcontrol: {fileID: 0}
--- !u!124 &124189025986140292
Behaviour:
  m_ObjectHideFlags: 1
  m_CorrespondingSourceObject: {fileID: 0}
  m_PrefabInternal: {fileID: 100100000}
  m_GameObject: {fileID: 1963801712760578}
  m_Enabled: 1
--- !u!124 &124326788741078374
Behaviour:
  m_ObjectHideFlags: 1
  m_CorrespondingSourceObject: {fileID: 0}
  m_PrefabInternal: {fileID: 100100000}
  m_GameObject: {fileID: 1189986062520116}
  m_Enabled: 1
--- !u!124 &124703872419292878
Behaviour:
  m_ObjectHideFlags: 1
  m_CorrespondingSourceObject: {fileID: 0}
  m_PrefabInternal: {fileID: 100100000}
  m_GameObject: {fileID: 1492272303690094}
  m_Enabled: 1
