%YAML 1.1
%TAG !u! tag:unity3d.com,2011:
--- !u!1001 &100100000
Prefab:
  m_ObjectHideFlags: 1
  serializedVersion: 2
  m_Modification:
    m_TransformParent: {fileID: 0}
    m_Modifications: []
    m_RemovedComponents: []
  m_SourcePrefab: {fileID: 0}
  m_RootGameObject: {fileID: 1060811872223838}
  m_IsPrefabAsset: 1
--- !u!1 &1060811872223838
GameObject:
  m_ObjectHideFlags: 0
  m_CorrespondingSourceObject: {fileID: 0}
  m_PrefabInternal: {fileID: 100100000}
  serializedVersion: 6
  m_Component:
  - component: {fileID: 4883390129133220}
  - component: {fileID: 114372053489224104}
  - component: {fileID: 114466042613647044}
  - component: {fileID: 114027350021074326}
  m_Layer: 0
  m_Name: Manager
  m_TagString: Untagged
  m_Icon: {fileID: 0}
  m_NavMeshLayer: 0
  m_StaticEditorFlags: 0
  m_IsActive: 1
--- !u!4 &4883390129133220
Transform:
  m_ObjectHideFlags: 1
  m_CorrespondingSourceObject: {fileID: 0}
  m_PrefabInternal: {fileID: 100100000}
  m_GameObject: {fileID: 1060811872223838}
  m_LocalRotation: {x: 0, y: 0, z: 0, w: 1}
  m_LocalPosition: {x: 1.9878881, y: 2.0657809, z: 0.7114152}
  m_LocalScale: {x: 1, y: 1, z: 1}
  m_Children: []
  m_Father: {fileID: 0}
  m_RootOrder: 0
  m_LocalEulerAnglesHint: {x: 0, y: 0, z: 0}
--- !u!114 &114027350021074326
MonoBehaviour:
  m_ObjectHideFlags: 1
  m_CorrespondingSourceObject: {fileID: 0}
  m_PrefabInternal: {fileID: 100100000}
  m_GameObject: {fileID: 1060811872223838}
  m_Enabled: 1
  m_EditorHideFlags: 0
  m_Script: {fileID: 11500000, guid: 9675ccf408fbb0f4f8ede7a48cefffec, type: 3}
  m_Name: 
  m_EditorClassIdentifier: 
  desiredFPS: 30
--- !u!114 &114372053489224104
MonoBehaviour:
  m_ObjectHideFlags: 1
  m_CorrespondingSourceObject: {fileID: 0}
  m_PrefabInternal: {fileID: 100100000}
  m_GameObject: {fileID: 1060811872223838}
  m_Enabled: 1
  m_EditorHideFlags: 0
  m_Script: {fileID: 11500000, guid: 4b92de636d3e3774fab6c1965c972252, type: 3}
  m_Name: 
  m_EditorClassIdentifier: 
  MaterialMenuIndex: 1
  mainIndex: 1
  heelthickIndex: 2
  tempHeelthickIndex: 0
  mainIndexTemp: -1
  objSelectMenu: {fileID: 0}
  ObjectSelectGroup: {fileID: 0}
  FaceBtn: {fileID: 0}
  HeelBtn: {fileID: 0}
  BaseBtn: {fileID: 0}
  shose: {fileID: 0}
  c1: {r: 0, g: 0, b: 0, a: 0}
  c2: {r: 0, g: 0, b: 0, a: 0}
  baseHeightFront: {fileID: 0}
  heelThickness: {fileID: 0}
  heelThicknessDump: {fileID: 0}
  heelThickness_1: {fileID: 0}
  heelThicknessDump_1: {fileID: 0}
  facethick: {fileID: 0}
  baseHeightFrontValue: 0
  heelThicknessValue: 0
  facethickValue: 0
  faceIndex: 0
  baseIndex: 0
  heelIndex: 0
  frontFaceIndex: 0
  backFaceIndex: 0
  baseHeightFrontTemp: -1
  heelThicknessTemp: -1
  heelThicknessDumpTemp: -1
  facethickTemp: -1
  Camera: {fileID: 0}
  GUICamera: {fileID: 0}
  objType: 0
  Ruler: {fileID: 0}
  RulerText: {fileID: 0}
  front: 0
  StartMenuColection: {fileID: 0}
  SelectStyleWin: {fileID: 0}
  MorphMenuCollection: {fileID: 0}
  MaterialMenuCollection: {fileID: 0}
  AccMenu: {fileID: 0}
  nextBackCollBtn: {fileID: 0}
  MaterialPopUpMenu: {fileID: 0}
  PopUpMenuControler: {fileID: 0}
  BankContainer: {fileID: 0}
  LoadMenu: {fileID: 0}
  settingWindow: {fileID: 0}
  shopWindow: {fileID: 0}
  unlockWindow: {fileID: 0}
  profileImage: {fileID: 0}
  profileImageShade: {fileID: 0}
  progressBar: {fileID: 0}
  DecalScript: {fileID: 0}
  popButtonsManager: {fileID: 0}
  accMenu: {fileID: 0}
  maxIndex: 7
  nextBtn: {fileID: 0}
  backBtn: {fileID: 0}
  SaveBtn: {fileID: 0}
  finalCamera: {fileID: 0}
  resetcollider: 0
  changemorphe: 0
  frontModelSel: {fileID: 0}
  backModelSel: {fileID: 0}
  faceModelSel: {fileID: 0}
  frontAndback3dModel: {fileID: 0}
  face3dModel: {fileID: 0}
  backFaceMat: {fileID: 0}
  TwoFaceMatSelImg: {fileID: 0}
  OneFaceMatSelImg: {fileID: 0}
  ChooseTypeIndex: 0
  fadIt: {fileID: 0}
  isOutOfRange: 0
  isInOfRange: 0
  startGame: 0
  LoadBank: {fileID: 0}
  contineBtnGroup: {fileID: 0}
  withoutContineBtnGroup: {fileID: 0}
  LoadBtn: {fileID: 0}
  listofInfo:
  - {fileID: 0}
  - {fileID: 0}
  - {fileID: 0}
  - {fileID: 0}
  - {fileID: 0}
  - {fileID: 0}
  - {fileID: 0}
  isMorphPhase: 0
  particalManagereObj: {fileID: 0}
  particalManScript: {fileID: 0}
  porgressBar: {fileID: 0}
  closeWin: {fileID: 0}
  isInnerMenuMat: 0
  isInnerMenuObj: 0
  isInnerMenuAcc: 0
  startScale: {x: 0.9, y: 1, z: 1}
  EndScale: {x: 0, y: 0, z: 0}
  listOfScrolls: []
  shop: {fileID: 0}
--- !u!114 &114466042613647044
MonoBehaviour:
  m_ObjectHideFlags: 1
  m_CorrespondingSourceObject: {fileID: 0}
  m_PrefabInternal: {fileID: 100100000}
  m_GameObject: {fileID: 1060811872223838}
  m_Enabled: 1
  m_EditorHideFlags: 0
  m_Script: {fileID: 11500000, guid: 1907352bd185e9d45813a1811b8229c5, type: 3}
  m_Name: 
  m_EditorClassIdentifier: 
  Language: 1
  fonts:
  - name: Arabic
    font: {fileID: 11400000, guid: 1b24b42626c6ff946aae25203cb0efd8, type: 2}
    normalFont: {fileID: 12800000, guid: 7fd7e7a60335f0448a36934851b50f3b, type: 3}
    fontMaterials: []
  - name: English
    font: {fileID: 11400000, guid: 1b24b42626c6ff946aae25203cb0efd8, type: 2}
    normalFont: {fileID: 12800000, guid: 20d9917bb2759f246812276a1ca902e0, type: 3}
    fontMaterials: []
  - name: German
    font: {fileID: 11400000, guid: 1b24b42626c6ff946aae25203cb0efd8, type: 2}
    normalFont: {fileID: 12800000, guid: 20d9917bb2759f246812276a1ca902e0, type: 3}
    fontMaterials: []
  - name: French
    font: {fileID: 11400000, guid: 1b24b42626c6ff946aae25203cb0efd8, type: 2}
    normalFont: {fileID: 12800000, guid: 20d9917bb2759f246812276a1ca902e0, type: 3}
    fontMaterials: []
  LanguageFile: {fileID: 4900000, guid: c3d2cccecacefcb4c966eaa731968431, type: 3}
