%YAML 1.1
%TAG !u! tag:unity3d.com,2011:
--- !u!29 &1
OcclusionCullingSettings:
  m_ObjectHideFlags: 0
  serializedVersion: 2
  m_OcclusionBakeSettings:
    smallestOccluder: 5
    smallestHole: 0.25
    backfaceThreshold: 100
  m_SceneGUID: 00000000000000000000000000000000
  m_OcclusionCullingData: {fileID: 0}
--- !u!196 &2
NavMeshSettings:
  serializedVersion: 2
  m_ObjectHideFlags: 0
  m_BuildSettings:
    serializedVersion: 2
    agentTypeID: 0
    agentRadius: 0.5
    agentHeight: 2
    agentSlope: 45
    agentClimb: 0.4
    ledgeDropHeight: 0
    maxJumpAcrossDistance: 0
    minRegionArea: 2
    manualCellSize: 0
    cellSize: 0.16666667
    manualTileSize: 0
    tileSize: 256
    accuratePlacement: 0
    debug:
      m_Flags: 0
  m_NavMeshData: {fileID: 0}
--- !u!104 &13
RenderSettings:
  m_ObjectHideFlags: 0
  serializedVersion: 9
  m_Fog: 0
  m_FogColor: {r: 0.5, g: 0.5, b: 0.5, a: 1}
  m_FogMode: 3
  m_FogDensity: 0.01
  m_LinearFogStart: 0
  m_LinearFogEnd: 300
  m_AmbientSkyColor: {r: 0.3669355, g: 0.3669355, b: 0.3669355, a: 1}
  m_AmbientEquatorColor: {r: 0.3669355, g: 0.3669355, b: 0.3669355, a: 1}
  m_AmbientGroundColor: {r: 0.3669355, g: 0.3669355, b: 0.3669355, a: 1}
  m_AmbientIntensity: 1
  m_AmbientMode: 3
  m_SubtractiveShadowColor: {r: 0.42, g: 0.478, b: 0.627, a: 1}
  m_SkyboxMaterial: {fileID: 0}
  m_HaloStrength: 0.5
  m_FlareStrength: 1
  m_FlareFadeSpeed: 3
  m_HaloTexture: {fileID: 0}
  m_SpotCookie: {fileID: 10001, guid: 0000000000000000e000000000000000, type: 0}
  m_DefaultReflectionMode: 0
  m_DefaultReflectionResolution: 128
  m_ReflectionBounces: 1
  m_ReflectionIntensity: 1
  m_CustomReflection: {fileID: 0}
  m_Sun: {fileID: 0}
  m_IndirectSpecularColor: {r: 0, g: 0, b: 0, a: 1}
  m_UseRadianceAmbientProbe: 0
--- !u!157 &17
LightmapSettings:
  m_ObjectHideFlags: 0
  serializedVersion: 11
  m_GIWorkflowMode: 1
  m_GISettings:
    serializedVersion: 2
    m_BounceScale: 1
    m_IndirectOutputScale: 1
    m_AlbedoBoost: 1
    m_TemporalCoherenceThreshold: 1
    m_EnvironmentLightingMode: 0
    m_EnableBakedLightmaps: 1
    m_EnableRealtimeLightmaps: 0
  m_LightmapEditorSettings:
    serializedVersion: 10
    m_Resolution: 1
    m_BakeResolution: 40
    m_AtlasSize: 1024
    m_AO: 0
    m_AOMaxDistance: 1
    m_CompAOExponent: 0
    m_CompAOExponentDirect: 0
    m_Padding: 2
    m_LightmapParameters: {fileID: 0}
    m_LightmapsBakeMode: 1
    m_TextureCompression: 1
    m_FinalGather: 0
    m_FinalGatherFiltering: 1
    m_FinalGatherRayCount: 1024
    m_ReflectionCompression: 2
    m_MixedBakeMode: 1
    m_BakeBackend: 0
    m_PVRSampling: 1
    m_PVRDirectSampleCount: 32
    m_PVRSampleCount: 500
    m_PVRBounces: 2
    m_PVRFilterTypeDirect: 0
    m_PVRFilterTypeIndirect: 0
    m_PVRFilterTypeAO: 0
    m_PVRFilteringMode: 0
    m_PVRCulling: 1
    m_PVRFilteringGaussRadiusDirect: 1
    m_PVRFilteringGaussRadiusIndirect: 5
    m_PVRFilteringGaussRadiusAO: 2
    m_PVRFilteringAtrousPositionSigmaDirect: 0.5
    m_PVRFilteringAtrousPositionSigmaIndirect: 2
    m_PVRFilteringAtrousPositionSigmaAO: 1
    m_ShowResolutionOverlay: 1
  m_LightingDataAsset: {fileID: 0}
  m_UseShadowmask: 0
--- !u!1 &19
GameObject:
  m_ObjectHideFlags: 0
  m_CorrespondingSourceObject: {fileID: 0}
  m_PrefabInternal: {fileID: 0}
  serializedVersion: 6
  m_Component:
  - component: {fileID: 28}
  - component: {fileID: 26}
  - component: {fileID: 24}
  - component: {fileID: 22}
  - component: {fileID: 20}
  m_Layer: 0
  m_Name: Main Camera
  m_TagString: MainCamera
  m_Icon: {fileID: 0}
  m_NavMeshLayer: 0
  m_StaticEditorFlags: 0
  m_IsActive: 1
--- !u!81 &20
AudioListener:
  m_ObjectHideFlags: 0
  m_CorrespondingSourceObject: {fileID: 0}
  m_PrefabInternal: {fileID: 0}
  m_GameObject: {fileID: 19}
  m_Enabled: 1
--- !u!124 &22
Behaviour:
  m_ObjectHideFlags: 0
  m_CorrespondingSourceObject: {fileID: 0}
  m_PrefabInternal: {fileID: 0}
  m_GameObject: {fileID: 19}
  m_Enabled: 1
--- !u!92 &24
Behaviour:
  m_ObjectHideFlags: 0
  m_CorrespondingSourceObject: {fileID: 0}
  m_PrefabInternal: {fileID: 0}
  m_GameObject: {fileID: 19}
  m_Enabled: 1
--- !u!20 &26
Camera:
  m_ObjectHideFlags: 0
  m_CorrespondingSourceObject: {fileID: 0}
  m_PrefabInternal: {fileID: 0}
  m_GameObject: {fileID: 19}
  m_Enabled: 1
  serializedVersion: 2
  m_ClearFlags: 2
  m_BackGroundColor: {r: 0.30588236, g: 0.34901962, b: 0.36862746, a: 1}
  m_projectionMatrixMode: 1
  m_SensorSize: {x: 36, y: 24}
  m_LensShift: {x: 0, y: 0}
  m_FocalLength: 50
  m_NormalizedViewPortRect:
    serializedVersion: 2
    x: 0
    y: 0
    width: 1
    height: 1
  near clip plane: 0.1
  far clip plane: 1000
  field of view: 60
  orthographic: 0
  orthographic size: 100
  m_Depth: -1
  m_CullingMask:
    serializedVersion: 2
    m_Bits: 4294967295
  m_RenderingPath: -1
  m_TargetTexture: {fileID: 0}
  m_TargetDisplay: 0
  m_TargetEye: 3
  m_HDR: 0
  m_AllowMSAA: 1
  m_AllowDynamicResolution: 0
  m_ForceIntoRT: 0
  m_OcclusionCulling: 1
  m_StereoConvergence: 10
  m_StereoSeparation: 0.022
--- !u!4 &28
Transform:
  m_ObjectHideFlags: 0
  m_CorrespondingSourceObject: {fileID: 0}
  m_PrefabInternal: {fileID: 0}
  m_GameObject: {fileID: 19}
  m_LocalRotation: {x: 0, y: 0.63625324, z: 0, w: -0.7714803}
  m_LocalPosition: {x: 25.763681, y: -13.144235, z: 1.1426988}
  m_LocalScale: {x: 1, y: 1, z: 1}
  m_Children: []
  m_Father: {fileID: 0}
  m_RootOrder: 9
  m_LocalEulerAnglesHint: {x: 0, y: 0, z: 0}
--- !u!1 &31
GameObject:
  m_ObjectHideFlags: 0
  m_CorrespondingSourceObject: {fileID: 0}
  m_PrefabInternal: {fileID: 0}
  serializedVersion: 6
  m_Component:
  - component: {fileID: 45}
  - component: {fileID: 32}
  m_Layer: 0
  m_Name: Gem Spawner
  m_TagString: Untagged
  m_Icon: {fileID: 0}
  m_NavMeshLayer: 0
  m_StaticEditorFlags: 0
  m_IsActive: 1
--- !u!114 &32
MonoBehaviour:
  m_ObjectHideFlags: 0
  m_CorrespondingSourceObject: {fileID: 0}
  m_PrefabInternal: {fileID: 0}
  m_GameObject: {fileID: 31}
  m_Enabled: 1
  m_EditorHideFlags: 0
  m_Script: {fileID: 11500000, guid: 07d6c06ebd115a7011005aba44295342, type: 3}
  m_Name: 
  m_EditorClassIdentifier: 
  gem1: {fileID: 33}
  gem2: {fileID: 400002, guid: d89ce53ebd114a7011005aba44295342, type: 2}
  gem3: {fileID: 400002, guid: 80ae0a08bd115a7011005aba44295342, type: 2}
  gem4: {fileID: 400004, guid: 01fdf74abd115a7011005aba44295342, type: 2}
  spread: 5
--- !u!4 &33
Transform:
  m_ObjectHideFlags: 0
  m_CorrespondingSourceObject: {fileID: 400000, guid: 87b70b92195974d9dacc05039e07b8cf,
    type: 2}
  m_PrefabInternal: {fileID: 35}
  m_GameObject: {fileID: 569931072}
  m_LocalRotation: {x: 0.6755902, y: 0, z: 0, w: -0.7372773}
  m_LocalPosition: {x: -4, y: 1.8497868, z: 12.24387}
  m_LocalScale: {x: 0.75, y: 0.75, z: 0.75}
  m_Children: []
  m_Father: {fileID: 0}
  m_RootOrder: 6
  m_LocalEulerAnglesHint: {x: 0, y: 0, z: 0}
--- !u!1001 &35
Prefab:
  m_ObjectHideFlags: 0
  serializedVersion: 2
  m_Modification:
    m_TransformParent: {fileID: 0}
    m_Modifications:
    - target: {fileID: 400000, guid: 87b70b92195974d9dacc05039e07b8cf, type: 2}
      propertyPath: m_LocalRotation.x
      value: .675590217
      objectReference: {fileID: 0}
    - target: {fileID: 400000, guid: 87b70b92195974d9dacc05039e07b8cf, type: 2}
      propertyPath: m_LocalRotation.y
      value: 0
      objectReference: {fileID: 0}
    - target: {fileID: 400000, guid: 87b70b92195974d9dacc05039e07b8cf, type: 2}
      propertyPath: m_LocalRotation.z
      value: 0
      objectReference: {fileID: 0}
    - target: {fileID: 400000, guid: 87b70b92195974d9dacc05039e07b8cf, type: 2}
      propertyPath: m_LocalRotation.w
      value: -.737277329
      objectReference: {fileID: 0}
    - target: {fileID: 400000, guid: 87b70b92195974d9dacc05039e07b8cf, type: 2}
      propertyPath: m_LocalPosition.x
      value: -4
      objectReference: {fileID: 0}
    - target: {fileID: 400000, guid: 87b70b92195974d9dacc05039e07b8cf, type: 2}
      propertyPath: m_LocalPosition.y
      value: 1.84978676
      objectReference: {fileID: 0}
    - target: {fileID: 400000, guid: 87b70b92195974d9dacc05039e07b8cf, type: 2}
      propertyPath: m_LocalPosition.z
      value: 12.2438698
      objectReference: {fileID: 0}
    - target: {fileID: 100000, guid: 87b70b92195974d9dacc05039e07b8cf, type: 2}
      propertyPath: m_Name
      value: gray diamond
      objectReference: {fileID: 0}
    - target: {fileID: 400000, guid: 87b70b92195974d9dacc05039e07b8cf, type: 2}
      propertyPath: m_RootOrder
      value: 6
      objectReference: {fileID: 0}
    m_RemovedComponents: []
  m_SourcePrefab: {fileID: 100100000, guid: 87b70b92195974d9dacc05039e07b8cf, type: 2}
  m_RootGameObject: {fileID: 569931072}
  m_IsPrefabAsset: 0
--- !u!4 &45
Transform:
  m_ObjectHideFlags: 0
  m_CorrespondingSourceObject: {fileID: 0}
  m_PrefabInternal: {fileID: 0}
  m_GameObject: {fileID: 31}
  m_LocalRotation: {x: 0, y: 0, z: 0, w: 1}
  m_LocalPosition: {x: -2.5609117, y: -1.5064311, z: 4.4369307}
  m_LocalScale: {x: 1, y: 1, z: 1}
  m_Children: []
  m_Father: {fileID: 0}
  m_RootOrder: 7
  m_LocalEulerAnglesHint: {x: 0, y: 0, z: 0}
--- !u!1 &48
GameObject:
  m_ObjectHideFlags: 0
  m_CorrespondingSourceObject: {fileID: 0}
  m_PrefabInternal: {fileID: 0}
  serializedVersion: 6
  m_Component:
  - component: {fileID: 50}
  - component: {fileID: 49}
  m_Layer: 0
  m_Name: spotLight
  m_TagString: Untagged
  m_Icon: {fileID: 0}
  m_NavMeshLayer: 0
  m_StaticEditorFlags: 0
  m_IsActive: 1
--- !u!108 &49
Light:
  m_ObjectHideFlags: 0
  m_CorrespondingSourceObject: {fileID: 0}
  m_PrefabInternal: {fileID: 0}
  m_GameObject: {fileID: 48}
  m_Enabled: 1
  serializedVersion: 8
  m_Type: 0
  m_Color: {r: 1, g: 0.95276976, b: 0.84274197, a: 1}
  m_Intensity: 2
  m_Range: 80
  m_SpotAngle: 60
  m_CookieSize: 120
  m_Shadows:
    m_Type: 1
    m_Resolution: -1
    m_CustomResolution: -1
    m_Strength: 0.8
    m_Bias: 0.05
    m_NormalBias: 0.4
    m_NearPlane: 0.2
  m_Cookie: {fileID: 0}
  m_DrawHalo: 0
  m_Flare: {fileID: 0}
  m_RenderMode: 1
  m_CullingMask:
    serializedVersion: 2
    m_Bits: 4294967295
  m_Lightmapping: 1
  m_LightShadowCasterMode: 0
  m_AreaSize: {x: 1, y: 1}
  m_BounceIntensity: 1
  m_ColorTemperature: 6570
  m_UseColorTemperature: 0
  m_ShadowRadius: 0
  m_ShadowAngle: 0
--- !u!4 &50
Transform:
  m_ObjectHideFlags: 0
  m_CorrespondingSourceObject: {fileID: 0}
  m_PrefabInternal: {fileID: 0}
  m_GameObject: {fileID: 48}
  m_LocalRotation: {x: 0.49976072, y: -0.13752098, z: 0.08072698, w: 0.85135794}
  m_LocalPosition: {x: 4.4822397, y: 24.739576, z: -16.021963}
  m_LocalScale: {x: 1, y: 1, z: 1}
  m_Children: []
  m_Father: {fileID: 0}
  m_RootOrder: 10
  m_LocalEulerAnglesHint: {x: 0, y: 0, z: 0}
--- !u!1 &52
GameObject:
  m_ObjectHideFlags: 0
  m_CorrespondingSourceObject: {fileID: 0}
  m_PrefabInternal: {fileID: 0}
  serializedVersion: 6
  m_Component:
  - component: {fileID: 61}
  - component: {fileID: 57}
  - component: {fileID: 55}
  - component: {fileID: 53}
  m_Layer: 0
  m_Name: ground
  m_TagString: Untagged
  m_Icon: {fileID: 0}
  m_NavMeshLayer: 0
  m_StaticEditorFlags: 0
  m_IsActive: 1
--- !u!23 &53
MeshRenderer:
  m_ObjectHideFlags: 0
  m_CorrespondingSourceObject: {fileID: 0}
  m_PrefabInternal: {fileID: 0}
  m_GameObject: {fileID: 52}
  m_Enabled: 1
  m_CastShadows: 1
  m_ReceiveShadows: 1
  m_DynamicOccludee: 1
  m_MotionVectors: 1
  m_LightProbeUsage: 1
  m_ReflectionProbeUsage: 1
  m_RenderingLayerMask: 4294967295
  m_Materials:
  - {fileID: 2100000, guid: a927902707bd442a486bf825c272ae5d, type: 2}
  m_StaticBatchInfo:
    firstSubMesh: 0
    subMeshCount: 0
  m_StaticBatchRoot: {fileID: 0}
  m_ProbeAnchor: {fileID: 0}
  m_LightProbeVolumeOverride: {fileID: 0}
  m_ScaleInLightmap: 1
  m_PreserveUVs: 0
  m_IgnoreNormalsForChartDetection: 0
  m_ImportantGI: 0
  m_StitchLightmapSeams: 0
  m_SelectedEditorRenderState: 3
  m_MinimumChartSize: 4
  m_AutoUVMaxDistance: 0.5
  m_AutoUVMaxAngle: 89
  m_LightmapParameters: {fileID: 0}
  m_SortingLayerID: 0
  m_SortingLayer: 0
  m_SortingOrder: 0
--- !u!65 &55
BoxCollider:
  m_ObjectHideFlags: 0
  m_CorrespondingSourceObject: {fileID: 0}
  m_PrefabInternal: {fileID: 0}
  m_GameObject: {fileID: 52}
  m_Material: {fileID: 0}
  m_IsTrigger: 0
  m_Enabled: 1
  serializedVersion: 2
  m_Size: {x: 1, y: 1, z: 1}
  m_Center: {x: 0, y: 0, z: 0}
--- !u!33 &57
MeshFilter:
  m_ObjectHideFlags: 0
  m_CorrespondingSourceObject: {fileID: 0}
  m_PrefabInternal: {fileID: 0}
  m_GameObject: {fileID: 52}
  m_Mesh: {fileID: 10202, guid: 0000000000000000e000000000000000, type: 0}
--- !u!4 &61
Transform:
  m_ObjectHideFlags: 0
  m_CorrespondingSourceObject: {fileID: 0}
  m_PrefabInternal: {fileID: 0}
  m_GameObject: {fileID: 52}
  m_LocalRotation: {x: 0, y: 0, z: 0, w: 1}
  m_LocalPosition: {x: 0.27835083, y: -72.85646, z: 7.399336}
  m_LocalScale: {x: 16301.429, y: 108.159996, z: 19457.06}
  m_Children: []
  m_Father: {fileID: 0}
  m_RootOrder: 8
  m_LocalEulerAnglesHint: {x: 0, y: 0, z: 0}
--- !u!1001 &82
Prefab:
  m_ObjectHideFlags: 0
  serializedVersion: 2
  m_Modification:
    m_TransformParent: {fileID: 0}
    m_Modifications:
    - target: {fileID: 100004, guid: 01fdf74abd115a7011005aba44295342, type: 2}
      propertyPath: m_Name
      value: turquoise diamond
      objectReference: {fileID: 0}
    - target: {fileID: 400004, guid: 01fdf74abd115a7011005aba44295342, type: 2}
      propertyPath: m_LocalRotation.x
      value: -.287595958
      objectReference: {fileID: 0}
    - target: {fileID: 400004, guid: 01fdf74abd115a7011005aba44295342, type: 2}
      propertyPath: m_LocalRotation.y
      value: .54736203
      objectReference: {fileID: 0}
    - target: {fileID: 400004, guid: 01fdf74abd115a7011005aba44295342, type: 2}
      propertyPath: m_LocalRotation.z
      value: .053217005
      objectReference: {fileID: 0}
    - target: {fileID: 400004, guid: 01fdf74abd115a7011005aba44295342, type: 2}
      propertyPath: m_LocalRotation.w
      value: .784124613
      objectReference: {fileID: 0}
    - target: {fileID: 400004, guid: 01fdf74abd115a7011005aba44295342, type: 2}
      propertyPath: m_LocalPosition.x
      value: -5.80163908
      objectReference: {fileID: 0}
    - target: {fileID: 400004, guid: 01fdf74abd115a7011005aba44295342, type: 2}
      propertyPath: m_LocalPosition.y
      value: -3.50173378
      objectReference: {fileID: 0}
    - target: {fileID: 400004, guid: 01fdf74abd115a7011005aba44295342, type: 2}
      propertyPath: m_LocalPosition.z
      value: 11.4577351
      objectReference: {fileID: 0}
    m_RemovedComponents: []
  m_SourcePrefab: {fileID: 100100000, guid: 01fdf74abd115a7011005aba44295342, type: 2}
  m_RootGameObject: {fileID: 405955940}
  m_IsPrefabAsset: 0
--- !u!1001 &99
Prefab:
  m_ObjectHideFlags: 0
  serializedVersion: 2
  m_Modification:
    m_TransformParent: {fileID: 0}
    m_Modifications:
    - target: {fileID: 100002, guid: 80ae0a08bd115a7011005aba44295342, type: 2}
      propertyPath: m_Name
      value: lavendar diamond
      objectReference: {fileID: 0}
    - target: {fileID: 400002, guid: 80ae0a08bd115a7011005aba44295342, type: 2}
      propertyPath: m_LocalRotation.x
      value: -.0499289446
      objectReference: {fileID: 0}
    - target: {fileID: 400002, guid: 80ae0a08bd115a7011005aba44295342, type: 2}
      propertyPath: m_LocalRotation.y
      value: -.700691581
      objectReference: {fileID: 0}
    - target: {fileID: 400002, guid: 80ae0a08bd115a7011005aba44295342, type: 2}
      propertyPath: m_LocalRotation.z
      value: -.237692162
      objectReference: {fileID: 0}
    - target: {fileID: 400002, guid: 80ae0a08bd115a7011005aba44295342, type: 2}
      propertyPath: m_LocalRotation.w
      value: .670850933
      objectReference: {fileID: 0}
    - target: {fileID: 400002, guid: 80ae0a08bd115a7011005aba44295342, type: 2}
      propertyPath: m_LocalPosition.x
      value: -4.51009703
      objectReference: {fileID: 0}
    - target: {fileID: 400002, guid: 80ae0a08bd115a7011005aba44295342, type: 2}
      propertyPath: m_LocalPosition.y
      value: -10.1999998
      objectReference: {fileID: 0}
    - target: {fileID: 400002, guid: 80ae0a08bd115a7011005aba44295342, type: 2}
      propertyPath: m_LocalPosition.z
      value: 5.71961927
      objectReference: {fileID: 0}
    - target: {fileID: 400002, guid: 80ae0a08bd115a7011005aba44295342, type: 2}
      propertyPath: m_RootOrder
      value: 1
      objectReference: {fileID: 0}
    m_RemovedComponents: []
  m_SourcePrefab: {fileID: 100100000, guid: 80ae0a08bd115a7011005aba44295342, type: 2}
  m_RootGameObject: {fileID: 37143599}
  m_IsPrefabAsset: 0
--- !u!1001 &114
Prefab:
  m_ObjectHideFlags: 0
  serializedVersion: 2
  m_Modification:
    m_TransformParent: {fileID: 0}
    m_Modifications:
    - target: {fileID: 100002, guid: 80ae0a08bd115a7011005aba44295342, type: 2}
      propertyPath: m_Name
      value: lavendar diamond
      objectReference: {fileID: 0}
    - target: {fileID: 400002, guid: 80ae0a08bd115a7011005aba44295342, type: 2}
      propertyPath: m_LocalRotation.x
      value: -.0499289446
      objectReference: {fileID: 0}
    - target: {fileID: 400002, guid: 80ae0a08bd115a7011005aba44295342, type: 2}
      propertyPath: m_LocalRotation.y
      value: -.700691581
      objectReference: {fileID: 0}
    - target: {fileID: 400002, guid: 80ae0a08bd115a7011005aba44295342, type: 2}
      propertyPath: m_LocalRotation.z
      value: -.237692162
      objectReference: {fileID: 0}
    - target: {fileID: 400002, guid: 80ae0a08bd115a7011005aba44295342, type: 2}
      propertyPath: m_LocalRotation.w
      value: .670850933
      objectReference: {fileID: 0}
    - target: {fileID: 400002, guid: 80ae0a08bd115a7011005aba44295342, type: 2}
      propertyPath: m_LocalPosition.x
      value: -10.5500002
      objectReference: {fileID: 0}
    - target: {fileID: 400002, guid: 80ae0a08bd115a7011005aba44295342, type: 2}
      propertyPath: m_LocalPosition.y
      value: -15.6300001
      objectReference: {fileID: 0}
    - target: {fileID: 400002, guid: 80ae0a08bd115a7011005aba44295342, type: 2}
      propertyPath: m_LocalPosition.z
      value: -7.48999977
      objectReference: {fileID: 0}
    m_RemovedComponents: []
  m_SourcePrefab: {fileID: 100100000, guid: 80ae0a08bd115a7011005aba44295342, type: 2}
  m_RootGameObject: {fileID: 1495971787}
  m_IsPrefabAsset: 0
--- !u!1001 &12991166
Prefab:
  m_ObjectHideFlags: 0
  serializedVersion: 2
  m_Modification:
    m_TransformParent: {fileID: 0}
    m_Modifications:
    - target: {fileID: 400000, guid: 87b70b92195974d9dacc05039e07b8cf, type: 2}
      propertyPath: m_LocalRotation.x
      value: .675590217
      objectReference: {fileID: 0}
    - target: {fileID: 400000, guid: 87b70b92195974d9dacc05039e07b8cf, type: 2}
      propertyPath: m_LocalRotation.y
      value: 0
      objectReference: {fileID: 0}
    - target: {fileID: 400000, guid: 87b70b92195974d9dacc05039e07b8cf, type: 2}
      propertyPath: m_LocalRotation.z
      value: 0
      objectReference: {fileID: 0}
    - target: {fileID: 400000, guid: 87b70b92195974d9dacc05039e07b8cf, type: 2}
      propertyPath: m_LocalRotation.w
      value: -.737277329
      objectReference: {fileID: 0}
    - target: {fileID: 400000, guid: 87b70b92195974d9dacc05039e07b8cf, type: 2}
      propertyPath: m_LocalPosition.x
      value: 12.1000004
      objectReference: {fileID: 0}
    - target: {fileID: 400000, guid: 87b70b92195974d9dacc05039e07b8cf, type: 2}
      propertyPath: m_LocalPosition.y
      value: 1.84978676
      objectReference: {fileID: 0}
    - target: {fileID: 400000, guid: 87b70b92195974d9dacc05039e07b8cf, type: 2}
      propertyPath: m_LocalPosition.z
      value: 12.2438698
      objectReference: {fileID: 0}
    - target: {fileID: 100000, guid: 87b70b92195974d9dacc05039e07b8cf, type: 2}
      propertyPath: m_Name
      value: gray diamond (3)
      objectReference: {fileID: 0}
    m_RemovedComponents: []
  m_SourcePrefab: {fileID: 100100000, guid: 87b70b92195974d9dacc05039e07b8cf, type: 2}
  m_RootGameObject: {fileID: 1829308285}
  m_IsPrefabAsset: 0
--- !u!1 &30937137
GameObject:
  m_ObjectHideFlags: 0
  m_CorrespondingSourceObject: {fileID: 100000, guid: 87b70b92195974d9dacc05039e07b8cf,
    type: 2}
  m_PrefabInternal: {fileID: 1416639701}
  serializedVersion: 6
  m_Component:
  - component: {fileID: 30937141}
  - component: {fileID: 30937140}
  - component: {fileID: 30937139}
  - component: {fileID: 30937138}
  m_Layer: 0
  m_Name: gray diamond (1)
  m_TagString: Untagged
  m_Icon: {fileID: 0}
  m_NavMeshLayer: 0
  m_StaticEditorFlags: 0
  m_IsActive: 1
--- !u!64 &30937138
MeshCollider:
  m_ObjectHideFlags: 0
  m_CorrespondingSourceObject: {fileID: 6400000, guid: 87b70b92195974d9dacc05039e07b8cf,
    type: 2}
  m_PrefabInternal: {fileID: 1416639701}
  m_GameObject: {fileID: 30937137}
  m_Material: {fileID: 0}
  m_IsTrigger: 0
  m_Enabled: 1
  serializedVersion: 3
  m_Convex: 1
  m_CookingOptions: 14
  m_SkinWidth: 0.01
  m_Mesh: {fileID: 4300008, guid: 309db8db017484e308a6de0a8e64c11a, type: 3}
--- !u!23 &30937139
MeshRenderer:
  m_ObjectHideFlags: 0
  m_CorrespondingSourceObject: {fileID: 2300000, guid: 87b70b92195974d9dacc05039e07b8cf,
    type: 2}
  m_PrefabInternal: {fileID: 1416639701}
  m_GameObject: {fileID: 30937137}
  m_Enabled: 1
  m_CastShadows: 1
  m_ReceiveShadows: 1
  m_DynamicOccludee: 1
  m_MotionVectors: 1
  m_LightProbeUsage: 1
  m_ReflectionProbeUsage: 1
  m_RenderingLayerMask: 4294967295
  m_Materials:
  - {fileID: 2100000, guid: 0f078adfbd110a7011005aba44295342, type: 2}
  m_StaticBatchInfo:
    firstSubMesh: 0
    subMeshCount: 0
  m_StaticBatchRoot: {fileID: 0}
  m_ProbeAnchor: {fileID: 0}
  m_LightProbeVolumeOverride: {fileID: 0}
  m_ScaleInLightmap: 1
  m_PreserveUVs: 0
  m_IgnoreNormalsForChartDetection: 0
  m_ImportantGI: 0
  m_StitchLightmapSeams: 0
  m_SelectedEditorRenderState: 3
  m_MinimumChartSize: 4
  m_AutoUVMaxDistance: 0.5
  m_AutoUVMaxAngle: 89
  m_LightmapParameters: {fileID: 0}
  m_SortingLayerID: 0
  m_SortingLayer: 0
  m_SortingOrder: 0
--- !u!33 &30937140
MeshFilter:
  m_ObjectHideFlags: 0
  m_CorrespondingSourceObject: {fileID: 3300000, guid: 87b70b92195974d9dacc05039e07b8cf,
    type: 2}
  m_PrefabInternal: {fileID: 1416639701}
  m_GameObject: {fileID: 30937137}
  m_Mesh: {fileID: 4300008, guid: 309db8db017484e308a6de0a8e64c11a, type: 3}
--- !u!4 &30937141
Transform:
  m_ObjectHideFlags: 0
  m_CorrespondingSourceObject: {fileID: 400000, guid: 87b70b92195974d9dacc05039e07b8cf,
    type: 2}
  m_PrefabInternal: {fileID: 1416639701}
  m_GameObject: {fileID: 30937137}
  m_LocalRotation: {x: 0.6755902, y: 0, z: 0, w: -0.7372773}
  m_LocalPosition: {x: 9.9, y: 2.5, z: 4.5}
  m_LocalScale: {x: 0.75, y: 0.75, z: 0.75}
  m_Children: []
  m_Father: {fileID: 0}
  m_RootOrder: 5
  m_LocalEulerAnglesHint: {x: 0, y: 0, z: 0}
--- !u!1 &37143599
GameObject:
  m_ObjectHideFlags: 0
  m_CorrespondingSourceObject: {fileID: 100002, guid: 80ae0a08bd115a7011005aba44295342,
    type: 2}
  m_PrefabInternal: {fileID: 99}
  serializedVersion: 6
  m_Component:
  - component: {fileID: 37143603}
  - component: {fileID: 37143602}
  - component: {fileID: 37143601}
  - component: {fileID: 37143600}
  m_Layer: 0
  m_Name: lavendar diamond
  m_TagString: Untagged
  m_Icon: {fileID: 0}
  m_NavMeshLayer: 0
  m_StaticEditorFlags: 0
  m_IsActive: 1
--- !u!64 &37143600
MeshCollider:
  m_ObjectHideFlags: 0
  m_CorrespondingSourceObject: {fileID: 6400000, guid: 80ae0a08bd115a7011005aba44295342,
    type: 2}
  m_PrefabInternal: {fileID: 99}
  m_GameObject: {fileID: 37143599}
  m_Material: {fileID: 0}
  m_IsTrigger: 0
  m_Enabled: 1
  serializedVersion: 3
  m_Convex: 1
  m_CookingOptions: 14
  m_SkinWidth: 0.01
  m_Mesh: {fileID: 4300006, guid: 309db8db017484e308a6de0a8e64c11a, type: 3}
--- !u!23 &37143601
MeshRenderer:
  m_ObjectHideFlags: 0
  m_CorrespondingSourceObject: {fileID: 2300002, guid: 80ae0a08bd115a7011005aba44295342,
    type: 2}
  m_PrefabInternal: {fileID: 99}
  m_GameObject: {fileID: 37143599}
  m_Enabled: 1
  m_CastShadows: 1
  m_ReceiveShadows: 1
  m_DynamicOccludee: 1
  m_MotionVectors: 1
  m_LightProbeUsage: 1
  m_ReflectionProbeUsage: 1
  m_RenderingLayerMask: 4294967295
  m_Materials:
  - {fileID: 2100000, guid: c2bc5d37bd115a7011005aba44295342, type: 2}
  m_StaticBatchInfo:
    firstSubMesh: 0
    subMeshCount: 0
  m_StaticBatchRoot: {fileID: 0}
  m_ProbeAnchor: {fileID: 0}
  m_LightProbeVolumeOverride: {fileID: 0}
  m_ScaleInLightmap: 1
  m_PreserveUVs: 0
  m_IgnoreNormalsForChartDetection: 0
  m_ImportantGI: 0
  m_StitchLightmapSeams: 0
  m_SelectedEditorRenderState: 3
  m_MinimumChartSize: 4
  m_AutoUVMaxDistance: 0.5
  m_AutoUVMaxAngle: 89
  m_LightmapParameters: {fileID: 0}
  m_SortingLayerID: 0
  m_SortingLayer: 0
  m_SortingOrder: 0
--- !u!33 &37143602
MeshFilter:
  m_ObjectHideFlags: 0
  m_CorrespondingSourceObject: {fileID: 3300002, guid: 80ae0a08bd115a7011005aba44295342,
    type: 2}
  m_PrefabInternal: {fileID: 99}
  m_GameObject: {fileID: 37143599}
  m_Mesh: {fileID: 4300006, guid: 309db8db017484e308a6de0a8e64c11a, type: 3}
--- !u!4 &37143603
Transform:
  m_ObjectHideFlags: 0
  m_CorrespondingSourceObject: {fileID: 400002, guid: 80ae0a08bd115a7011005aba44295342,
    type: 2}
  m_PrefabInternal: {fileID: 99}
  m_GameObject: {fileID: 37143599}
  m_LocalRotation: {x: -0.049928945, y: -0.7006916, z: -0.23769216, w: 0.67085093}
  m_LocalPosition: {x: -4.510097, y: -10.2, z: 5.7196193}
  m_LocalScale: {x: 1, y: 1.0000001, z: 0.9999999}
  m_Children: []
  m_Father: {fileID: 0}
  m_RootOrder: 4
  m_LocalEulerAnglesHint: {x: 0, y: 0, z: 0}
--- !u!1001 &183833216
Prefab:
  m_ObjectHideFlags: 0
  serializedVersion: 2
  m_Modification:
    m_TransformParent: {fileID: 0}
    m_Modifications:
    - target: {fileID: 400000, guid: 87b70b92195974d9dacc05039e07b8cf, type: 2}
      propertyPath: m_LocalRotation.x
      value: .675590217
      objectReference: {fileID: 0}
    - target: {fileID: 400000, guid: 87b70b92195974d9dacc05039e07b8cf, type: 2}
      propertyPath: m_LocalRotation.y
      value: 0
      objectReference: {fileID: 0}
    - target: {fileID: 400000, guid: 87b70b92195974d9dacc05039e07b8cf, type: 2}
      propertyPath: m_LocalRotation.z
      value: 0
      objectReference: {fileID: 0}
    - target: {fileID: 400000, guid: 87b70b92195974d9dacc05039e07b8cf, type: 2}
      propertyPath: m_LocalRotation.w
      value: -.737277329
      objectReference: {fileID: 0}
    - target: {fileID: 400000, guid: 87b70b92195974d9dacc05039e07b8cf, type: 2}
      propertyPath: m_LocalPosition.x
      value: -21.6000004
      objectReference: {fileID: 0}
    - target: {fileID: 400000, guid: 87b70b92195974d9dacc05039e07b8cf, type: 2}
      propertyPath: m_LocalPosition.y
      value: 1.84978676
      objectReference: {fileID: 0}
    - target: {fileID: 400000, guid: 87b70b92195974d9dacc05039e07b8cf, type: 2}
      propertyPath: m_LocalPosition.z
      value: 12.2438698
      objectReference: {fileID: 0}
    - target: {fileID: 100000, guid: 87b70b92195974d9dacc05039e07b8cf, type: 2}
      propertyPath: m_Name
      value: gray diamond (2)
      objectReference: {fileID: 0}
    - target: {fileID: 400000, guid: 87b70b92195974d9dacc05039e07b8cf, type: 2}
      propertyPath: m_RootOrder
      value: 1
      objectReference: {fileID: 0}
    m_RemovedComponents: []
  m_SourcePrefab: {fileID: 100100000, guid: 87b70b92195974d9dacc05039e07b8cf, type: 2}
  m_RootGameObject: {fileID: 2055359745}
  m_IsPrefabAsset: 0
--- !u!1 &405955940
GameObject:
  m_ObjectHideFlags: 0
  m_CorrespondingSourceObject: {fileID: 100004, guid: 01fdf74abd115a7011005aba44295342,
    type: 2}
  m_PrefabInternal: {fileID: 82}
  serializedVersion: 6
  m_Component:
  - component: {fileID: 405955945}
  - component: {fileID: 405955944}
  - component: {fileID: 405955943}
  - component: {fileID: 405955942}
  - component: {fileID: 405955941}
  m_Layer: 0
  m_Name: turquoise diamond
  m_TagString: Untagged
  m_Icon: {fileID: 0}
  m_NavMeshLayer: 0
  m_StaticEditorFlags: 0
  m_IsActive: 1
--- !u!64 &405955941
MeshCollider:
  m_ObjectHideFlags: 0
  m_CorrespondingSourceObject: {fileID: 6400000, guid: 01fdf74abd115a7011005aba44295342,
    type: 2}
  m_PrefabInternal: {fileID: 82}
  m_GameObject: {fileID: 405955940}
  m_Material: {fileID: 0}
  m_IsTrigger: 0
  m_Enabled: 1
  serializedVersion: 3
  m_Convex: 1
  m_CookingOptions: 14
  m_SkinWidth: 0.01
  m_Mesh: {fileID: 4300006, guid: 309db8db017484e308a6de0a8e64c11a, type: 3}
--- !u!135 &405955942
SphereCollider:
  m_ObjectHideFlags: 0
  m_CorrespondingSourceObject: {fileID: 13500002, guid: 01fdf74abd115a7011005aba44295342,
    type: 2}
  m_PrefabInternal: {fileID: 82}
  m_GameObject: {fileID: 405955940}
  m_Material: {fileID: 0}
  m_IsTrigger: 0
  m_Enabled: 1
  serializedVersion: 2
  m_Radius: 0.7542101
  m_Center: {x: 0, y: 0, z: 0}
--- !u!23 &405955943
MeshRenderer:
  m_ObjectHideFlags: 0
  m_CorrespondingSourceObject: {fileID: 2300004, guid: 01fdf74abd115a7011005aba44295342,
    type: 2}
  m_PrefabInternal: {fileID: 82}
  m_GameObject: {fileID: 405955940}
  m_Enabled: 1
  m_CastShadows: 1
  m_ReceiveShadows: 1
  m_DynamicOccludee: 1
  m_MotionVectors: 1
  m_LightProbeUsage: 1
  m_ReflectionProbeUsage: 1
  m_RenderingLayerMask: 4294967295
  m_Materials:
  - {fileID: 2100000, guid: 0a58941bbd115a7011005aba44295342, type: 2}
  m_StaticBatchInfo:
    firstSubMesh: 0
    subMeshCount: 0
  m_StaticBatchRoot: {fileID: 0}
  m_ProbeAnchor: {fileID: 0}
  m_LightProbeVolumeOverride: {fileID: 0}
  m_ScaleInLightmap: 1
  m_PreserveUVs: 0
  m_IgnoreNormalsForChartDetection: 0
  m_ImportantGI: 0
  m_StitchLightmapSeams: 0
  m_SelectedEditorRenderState: 3
  m_MinimumChartSize: 4
  m_AutoUVMaxDistance: 0.5
  m_AutoUVMaxAngle: 89
  m_LightmapParameters: {fileID: 0}
  m_SortingLayerID: 0
  m_SortingLayer: 0
  m_SortingOrder: 0
--- !u!33 &405955944
MeshFilter:
  m_ObjectHideFlags: 0
  m_CorrespondingSourceObject: {fileID: 3300004, guid: 01fdf74abd115a7011005aba44295342,
    type: 2}
  m_PrefabInternal: {fileID: 82}
  m_GameObject: {fileID: 405955940}
  m_Mesh: {fileID: 4300006, guid: 309db8db017484e308a6de0a8e64c11a, type: 3}
--- !u!4 &405955945
Transform:
  m_ObjectHideFlags: 0
  m_CorrespondingSourceObject: {fileID: 400004, guid: 01fdf74abd115a7011005aba44295342,
    type: 2}
  m_PrefabInternal: {fileID: 82}
  m_GameObject: {fileID: 405955940}
  m_LocalRotation: {x: -0.28759596, y: 0.547362, z: 0.053217005, w: 0.7841246}
  m_LocalPosition: {x: -5.801639, y: -3.5017338, z: 11.457735}
  m_LocalScale: {x: 1, y: 1.0000002, z: 1.0000002}
  m_Children: []
  m_Father: {fileID: 0}
  m_RootOrder: 2
  m_LocalEulerAnglesHint: {x: 0, y: 0, z: 0}
--- !u!1 &569931072
GameObject:
  m_ObjectHideFlags: 0
  m_CorrespondingSourceObject: {fileID: 100000, guid: 87b70b92195974d9dacc05039e07b8cf,
    type: 2}
  m_PrefabInternal: {fileID: 35}
  serializedVersion: 6
  m_Component:
  - component: {fileID: 33}
  - component: {fileID: 569931075}
  - component: {fileID: 569931074}
  - component: {fileID: 569931073}
  m_Layer: 0
  m_Name: gray diamond
  m_TagString: Untagged
  m_Icon: {fileID: 0}
  m_NavMeshLayer: 0
  m_StaticEditorFlags: 0
  m_IsActive: 1
--- !u!64 &569931073
MeshCollider:
  m_ObjectHideFlags: 0
  m_CorrespondingSourceObject: {fileID: 6400000, guid: 87b70b92195974d9dacc05039e07b8cf,
    type: 2}
  m_PrefabInternal: {fileID: 35}
  m_GameObject: {fileID: 569931072}
  m_Material: {fileID: 0}
  m_IsTrigger: 0
  m_Enabled: 1
  serializedVersion: 3
  m_Convex: 1
  m_CookingOptions: 14
  m_SkinWidth: 0.01
  m_Mesh: {fileID: 4300008, guid: 309db8db017484e308a6de0a8e64c11a, type: 3}
--- !u!23 &569931074
MeshRenderer:
  m_ObjectHideFlags: 0
  m_CorrespondingSourceObject: {fileID: 2300000, guid: 87b70b92195974d9dacc05039e07b8cf,
    type: 2}
  m_PrefabInternal: {fileID: 35}
  m_GameObject: {fileID: 569931072}
  m_Enabled: 1
  m_CastShadows: 1
  m_ReceiveShadows: 1
  m_DynamicOccludee: 1
  m_MotionVectors: 1
  m_LightProbeUsage: 1
  m_ReflectionProbeUsage: 1
  m_RenderingLayerMask: 4294967295
  m_Materials:
  - {fileID: 2100000, guid: 0f078adfbd110a7011005aba44295342, type: 2}
  m_StaticBatchInfo:
    firstSubMesh: 0
    subMeshCount: 0
  m_StaticBatchRoot: {fileID: 0}
  m_ProbeAnchor: {fileID: 0}
  m_LightProbeVolumeOverride: {fileID: 0}
  m_ScaleInLightmap: 1
  m_PreserveUVs: 0
  m_IgnoreNormalsForChartDetection: 0
  m_ImportantGI: 0
  m_StitchLightmapSeams: 0
  m_SelectedEditorRenderState: 3
  m_MinimumChartSize: 4
  m_AutoUVMaxDistance: 0.5
  m_AutoUVMaxAngle: 89
  m_LightmapParameters: {fileID: 0}
  m_SortingLayerID: 0
  m_SortingLayer: 0
  m_SortingOrder: 0
--- !u!33 &569931075
MeshFilter:
  m_ObjectHideFlags: 0
  m_CorrespondingSourceObject: {fileID: 3300000, guid: 87b70b92195974d9dacc05039e07b8cf,
    type: 2}
  m_PrefabInternal: {fileID: 35}
  m_GameObject: {fileID: 569931072}
  m_Mesh: {fileID: 4300008, guid: 309db8db017484e308a6de0a8e64c11a, type: 3}
--- !u!1001 &1416639701
Prefab:
  m_ObjectHideFlags: 0
  serializedVersion: 2
  m_Modification:
    m_TransformParent: {fileID: 0}
    m_Modifications:
    - target: {fileID: 400000, guid: 87b70b92195974d9dacc05039e07b8cf, type: 2}
      propertyPath: m_LocalRotation.x
      value: .675590217
      objectReference: {fileID: 0}
    - target: {fileID: 400000, guid: 87b70b92195974d9dacc05039e07b8cf, type: 2}
      propertyPath: m_LocalRotation.y
      value: 0
      objectReference: {fileID: 0}
    - target: {fileID: 400000, guid: 87b70b92195974d9dacc05039e07b8cf, type: 2}
      propertyPath: m_LocalRotation.z
      value: 0
      objectReference: {fileID: 0}
    - target: {fileID: 400000, guid: 87b70b92195974d9dacc05039e07b8cf, type: 2}
      propertyPath: m_LocalRotation.w
      value: -.737277329
      objectReference: {fileID: 0}
    - target: {fileID: 400000, guid: 87b70b92195974d9dacc05039e07b8cf, type: 2}
      propertyPath: m_LocalPosition.x
      value: 9.89999962
      objectReference: {fileID: 0}
    - target: {fileID: 400000, guid: 87b70b92195974d9dacc05039e07b8cf, type: 2}
      propertyPath: m_LocalPosition.y
      value: 2.5
      objectReference: {fileID: 0}
    - target: {fileID: 400000, guid: 87b70b92195974d9dacc05039e07b8cf, type: 2}
      propertyPath: m_LocalPosition.z
      value: 4.5
      objectReference: {fileID: 0}
    - target: {fileID: 100000, guid: 87b70b92195974d9dacc05039e07b8cf, type: 2}
      propertyPath: m_Name
      value: gray diamond (1)
      objectReference: {fileID: 0}
    - target: {fileID: 400000, guid: 87b70b92195974d9dacc05039e07b8cf, type: 2}
      propertyPath: m_RootOrder
      value: 2
      objectReference: {fileID: 0}
    m_RemovedComponents: []
  m_SourcePrefab: {fileID: 100100000, guid: 87b70b92195974d9dacc05039e07b8cf, type: 2}
  m_RootGameObject: {fileID: 30937137}
  m_IsPrefabAsset: 0
--- !u!1 &1495971787
GameObject:
  m_ObjectHideFlags: 0
  m_CorrespondingSourceObject: {fileID: 100002, guid: 80ae0a08bd115a7011005aba44295342,
    type: 2}
  m_PrefabInternal: {fileID: 114}
  serializedVersion: 6
  m_Component:
  - component: {fileID: 1495971791}
  - component: {fileID: 1495971790}
  - component: {fileID: 1495971789}
  - component: {fileID: 1495971788}
  m_Layer: 0
  m_Name: lavendar diamond
  m_TagString: Untagged
  m_Icon: {fileID: 0}
  m_NavMeshLayer: 0
  m_StaticEditorFlags: 0
  m_IsActive: 1
--- !u!64 &1495971788
MeshCollider:
  m_ObjectHideFlags: 0
  m_CorrespondingSourceObject: {fileID: 6400000, guid: 80ae0a08bd115a7011005aba44295342,
    type: 2}
  m_PrefabInternal: {fileID: 114}
  m_GameObject: {fileID: 1495971787}
  m_Material: {fileID: 0}
  m_IsTrigger: 0
  m_Enabled: 1
  serializedVersion: 3
  m_Convex: 1
  m_CookingOptions: 14
  m_SkinWidth: 0.01
  m_Mesh: {fileID: 4300006, guid: 309db8db017484e308a6de0a8e64c11a, type: 3}
--- !u!23 &1495971789
MeshRenderer:
  m_ObjectHideFlags: 0
  m_CorrespondingSourceObject: {fileID: 2300002, guid: 80ae0a08bd115a7011005aba44295342,
    type: 2}
  m_PrefabInternal: {fileID: 114}
  m_GameObject: {fileID: 1495971787}
  m_Enabled: 1
  m_CastShadows: 1
  m_ReceiveShadows: 1
  m_DynamicOccludee: 1
  m_MotionVectors: 1
  m_LightProbeUsage: 1
  m_ReflectionProbeUsage: 1
  m_RenderingLayerMask: 4294967295
  m_Materials:
  - {fileID: 2100000, guid: c2bc5d37bd115a7011005aba44295342, type: 2}
  m_StaticBatchInfo:
    firstSubMesh: 0
    subMeshCount: 0
  m_StaticBatchRoot: {fileID: 0}
  m_ProbeAnchor: {fileID: 0}
  m_LightProbeVolumeOverride: {fileID: 0}
  m_ScaleInLightmap: 1
  m_PreserveUVs: 0
  m_IgnoreNormalsForChartDetection: 0
  m_ImportantGI: 0
  m_StitchLightmapSeams: 0
  m_SelectedEditorRenderState: 3
  m_MinimumChartSize: 4
  m_AutoUVMaxDistance: 0.5
  m_AutoUVMaxAngle: 89
  m_LightmapParameters: {fileID: 0}
  m_SortingLayerID: 0
  m_SortingLayer: 0
  m_SortingOrder: 0
--- !u!33 &1495971790
MeshFilter:
  m_ObjectHideFlags: 0
  m_CorrespondingSourceObject: {fileID: 3300002, guid: 80ae0a08bd115a7011005aba44295342,
    type: 2}
  m_PrefabInternal: {fileID: 114}
  m_GameObject: {fileID: 1495971787}
  m_Mesh: {fileID: 4300006, guid: 309db8db017484e308a6de0a8e64c11a, type: 3}
--- !u!4 &1495971791
Transform:
  m_ObjectHideFlags: 0
  m_CorrespondingSourceObject: {fileID: 400002, guid: 80ae0a08bd115a7011005aba44295342,
    type: 2}
  m_PrefabInternal: {fileID: 114}
  m_GameObject: {fileID: 1495971787}
  m_LocalRotation: {x: -0.049928945, y: -0.7006916, z: -0.23769216, w: 0.67085093}
  m_LocalPosition: {x: -10.55, y: -15.63, z: -7.49}
  m_LocalScale: {x: 1, y: 1.0000001, z: 0.9999999}
  m_Children: []
  m_Father: {fileID: 0}
  m_RootOrder: 1
  m_LocalEulerAnglesHint: {x: 0, y: 0, z: 0}
--- !u!1 &1829308285
GameObject:
  m_ObjectHideFlags: 0
  m_CorrespondingSourceObject: {fileID: 100000, guid: 87b70b92195974d9dacc05039e07b8cf,
    type: 2}
  m_PrefabInternal: {fileID: 12991166}
  serializedVersion: 6
  m_Component:
  - component: {fileID: 1829308289}
  - component: {fileID: 1829308288}
  - component: {fileID: 1829308287}
  - component: {fileID: 1829308286}
  m_Layer: 0
  m_Name: gray diamond (3)
  m_TagString: Untagged
  m_Icon: {fileID: 0}
  m_NavMeshLayer: 0
  m_StaticEditorFlags: 0
  m_IsActive: 1
--- !u!64 &1829308286
MeshCollider:
  m_ObjectHideFlags: 0
  m_CorrespondingSourceObject: {fileID: 6400000, guid: 87b70b92195974d9dacc05039e07b8cf,
    type: 2}
  m_PrefabInternal: {fileID: 12991166}
  m_GameObject: {fileID: 1829308285}
  m_Material: {fileID: 0}
  m_IsTrigger: 0
  m_Enabled: 1
  serializedVersion: 3
  m_Convex: 1
  m_CookingOptions: 14
  m_SkinWidth: 0.01
  m_Mesh: {fileID: 4300008, guid: 309db8db017484e308a6de0a8e64c11a, type: 3}
--- !u!23 &1829308287
MeshRenderer:
  m_ObjectHideFlags: 0
  m_CorrespondingSourceObject: {fileID: 2300000, guid: 87b70b92195974d9dacc05039e07b8cf,
    type: 2}
  m_PrefabInternal: {fileID: 12991166}
  m_GameObject: {fileID: 1829308285}
  m_Enabled: 1
  m_CastShadows: 1
  m_ReceiveShadows: 1
  m_DynamicOccludee: 1
  m_MotionVectors: 1
  m_LightProbeUsage: 1
  m_ReflectionProbeUsage: 1
  m_RenderingLayerMask: 4294967295
  m_Materials:
  - {fileID: 2100000, guid: 0f078adfbd110a7011005aba44295342, type: 2}
  m_StaticBatchInfo:
    firstSubMesh: 0
    subMeshCount: 0
  m_StaticBatchRoot: {fileID: 0}
  m_ProbeAnchor: {fileID: 0}
  m_LightProbeVolumeOverride: {fileID: 0}
  m_ScaleInLightmap: 1
  m_PreserveUVs: 0
  m_IgnoreNormalsForChartDetection: 0
  m_ImportantGI: 0
  m_StitchLightmapSeams: 0
  m_SelectedEditorRenderState: 3
  m_MinimumChartSize: 4
  m_AutoUVMaxDistance: 0.5
  m_AutoUVMaxAngle: 89
  m_LightmapParameters: {fileID: 0}
  m_SortingLayerID: 0
  m_SortingLayer: 0
  m_SortingOrder: 0
--- !u!33 &1829308288
MeshFilter:
  m_ObjectHideFlags: 0
  m_CorrespondingSourceObject: {fileID: 3300000, guid: 87b70b92195974d9dacc05039e07b8cf,
    type: 2}
  m_PrefabInternal: {fileID: 12991166}
  m_GameObject: {fileID: 1829308285}
  m_Mesh: {fileID: 4300008, guid: 309db8db017484e308a6de0a8e64c11a, type: 3}
--- !u!4 &1829308289
Transform:
  m_ObjectHideFlags: 0
  m_CorrespondingSourceObject: {fileID: 400000, guid: 87b70b92195974d9dacc05039e07b8cf,
    type: 2}
  m_PrefabInternal: {fileID: 12991166}
  m_GameObject: {fileID: 1829308285}
  m_LocalRotation: {x: 0.6755902, y: 0, z: 0, w: -0.7372773}
  m_LocalPosition: {x: 12.1, y: 1.8497868, z: 12.24387}
  m_LocalScale: {x: 0.75, y: 0.75, z: 0.75}
  m_Children: []
  m_Father: {fileID: 0}
  m_RootOrder: 0
  m_LocalEulerAnglesHint: {x: 0, y: 0, z: 0}
--- !u!1 &2055359745
GameObject:
  m_ObjectHideFlags: 0
  m_CorrespondingSourceObject: {fileID: 100000, guid: 87b70b92195974d9dacc05039e07b8cf,
    type: 2}
  m_PrefabInternal: {fileID: 183833216}
  serializedVersion: 6
  m_Component:
  - component: {fileID: 2055359749}
  - component: {fileID: 2055359748}
  - component: {fileID: 2055359747}
  - component: {fileID: 2055359746}
  m_Layer: 0
  m_Name: gray diamond (2)
  m_TagString: Untagged
  m_Icon: {fileID: 0}
  m_NavMeshLayer: 0
  m_StaticEditorFlags: 0
  m_IsActive: 1
--- !u!64 &2055359746
MeshCollider:
  m_ObjectHideFlags: 0
  m_CorrespondingSourceObject: {fileID: 6400000, guid: 87b70b92195974d9dacc05039e07b8cf,
    type: 2}
  m_PrefabInternal: {fileID: 183833216}
  m_GameObject: {fileID: 2055359745}
  m_Material: {fileID: 0}
  m_IsTrigger: 0
  m_Enabled: 1
  serializedVersion: 3
  m_Convex: 1
  m_CookingOptions: 14
  m_SkinWidth: 0.01
  m_Mesh: {fileID: 4300008, guid: 309db8db017484e308a6de0a8e64c11a, type: 3}
--- !u!23 &2055359747
MeshRenderer:
  m_ObjectHideFlags: 0
  m_CorrespondingSourceObject: {fileID: 2300000, guid: 87b70b92195974d9dacc05039e07b8cf,
    type: 2}
  m_PrefabInternal: {fileID: 183833216}
  m_GameObject: {fileID: 2055359745}
  m_Enabled: 1
  m_CastShadows: 1
  m_ReceiveShadows: 1
  m_DynamicOccludee: 1
  m_MotionVectors: 1
  m_LightProbeUsage: 1
  m_ReflectionProbeUsage: 1
  m_RenderingLayerMask: 4294967295
  m_Materials:
  - {fileID: 2100000, guid: 0f078adfbd110a7011005aba44295342, type: 2}
  m_StaticBatchInfo:
    firstSubMesh: 0
    subMeshCount: 0
  m_StaticBatchRoot: {fileID: 0}
  m_ProbeAnchor: {fileID: 0}
  m_LightProbeVolumeOverride: {fileID: 0}
  m_ScaleInLightmap: 1
  m_PreserveUVs: 0
  m_IgnoreNormalsForChartDetection: 0
  m_ImportantGI: 0
  m_StitchLightmapSeams: 0
  m_SelectedEditorRenderState: 3
  m_MinimumChartSize: 4
  m_AutoUVMaxDistance: 0.5
  m_AutoUVMaxAngle: 89
  m_LightmapParameters: {fileID: 0}
  m_SortingLayerID: 0
  m_SortingLayer: 0
  m_SortingOrder: 0
--- !u!33 &2055359748
MeshFilter:
  m_ObjectHideFlags: 0
  m_CorrespondingSourceObject: {fileID: 3300000, guid: 87b70b92195974d9dacc05039e07b8cf,
    type: 2}
  m_PrefabInternal: {fileID: 183833216}
  m_GameObject: {fileID: 2055359745}
  m_Mesh: {fileID: 4300008, guid: 309db8db017484e308a6de0a8e64c11a, type: 3}
--- !u!4 &2055359749
Transform:
  m_ObjectHideFlags: 0
  m_CorrespondingSourceObject: {fileID: 400000, guid: 87b70b92195974d9dacc05039e07b8cf,
    type: 2}
  m_PrefabInternal: {fileID: 183833216}
  m_GameObject: {fileID: 2055359745}
  m_LocalRotation: {x: 0.6755902, y: 0, z: 0, w: -0.7372773}
  m_LocalPosition: {x: -21.6, y: 1.8497868, z: 12.24387}
  m_LocalScale: {x: 0.75, y: 0.75, z: 0.75}
  m_Children: []
  m_Father: {fileID: 0}
  m_RootOrder: 3
  m_LocalEulerAnglesHint: {x: 0, y: 0, z: 0}
